<record xmlns="http://www.loc.gov/MARC21/slim" xmlns:zs="http://docs.oasis-open.org/ns/search-ws/sruResponse">
<leader>02476cam a22004817i 4500</leader>
<controlfield tag="001">19369485</controlfield>
<controlfield tag="005">20190116150538.0</controlfield>
<controlfield tag="008">161109s2017 enka 001 0 eng d</controlfield>
<datafield ind1=" " ind2=" " tag="906">
<subfield code="a">7</subfield>
<subfield code="b">cbc</subfield>
<subfield code="c">copycat</subfield>
<subfield code="d">2</subfield>
<subfield code="e">ncip</subfield>
<subfield code="f">20</subfield>
<subfield code="g">y-gencatlg</subfield>
</datafield>
<datafield ind1="0" ind2=" " tag="925">
<subfield code="a">acquire</subfield>
<subfield code="b">1 shelf copy</subfield>
<subfield code="x">policy default</subfield>
</datafield>
<datafield ind1=" " ind2=" " tag="955">
<subfield code="b">rl09 2018-04-23 z-processor</subfield>
<subfield code="i">rl09 2018-05-01 ; to Dewey</subfield>
<subfield code="w">xm09 2018-05-05</subfield>
</datafield>
<datafield ind1=" " ind2=" " tag="010">
<subfield code="a"> 2016959361</subfield>
</datafield>
<datafield ind1=" " ind2=" " tag="020">
<subfield code="a">9781785211188</subfield>
<subfield code="q">(hardcover)</subfield>
</datafield>
<datafield ind1=" " ind2=" " tag="020">
<subfield code="a">1785211188</subfield>
<subfield code="q">(hardcover)</subfield>
</datafield>
<datafield ind1=" " ind2=" " tag="035">
<subfield code="a">(OCoLC)ocn967501364</subfield>
</datafield>
<datafield ind1=" " ind2=" " tag="040">
<subfield code="a">BTCTA</subfield>
<subfield code="b">eng</subfield>
<subfield code="c">BTCTA</subfield>
<subfield code="e">rda</subfield>
<subfield code="d">GK5</subfield>
<subfield code="d">KLP</subfield>
<subfield code="d">OCLCF</subfield>
<subfield code="d">JQM</subfield>
<subfield code="d">EYM</subfield>
<subfield code="d">BUR</subfield>
<subfield code="d">NZDAP</subfield>
<subfield code="d">OCLCO</subfield>
<subfield code="d">OCL</subfield>
<subfield code="d">DLC</subfield>
</datafield>
<datafield ind1=" " ind2=" " tag="042">
<subfield code="a">lccopycat</subfield>
</datafield>
<datafield ind1="0" ind2="0" tag="050">
<subfield code="a">QA76.73.P98</subfield>
<subfield code="b">S28 2017</subfield>
</datafield>
<datafield ind1="0" ind2="0" tag="082">
<subfield code="a">005.1</subfield>
<subfield code="2">23</subfield>
</datafield>
<datafield ind1="1" ind2=" " tag="100">
<subfield code="a">Saunders, Mike</subfield>
<subfield code="c">(Computer journalist)</subfield>
<subfield code="e">author.</subfield>
</datafield>
<datafield ind1="1" ind2="0" tag="245">
<subfield code="a">Coding :</subfield>
<subfield code="b">everything you need to get started with programming using Python /</subfield>
<subfield code="c">Mike Saunders.</subfield>
</datafield>
<datafield ind1="1" ind2="4" tag="246">
<subfield code="a">Coding :</subfield>
<subfield code="b">computer programming (beginners onwards) : owners' workshop manual : everything you need to get started with programming using Python</subfield>
</datafield>
<datafield ind1="1" ind2="8" tag="246">
<subfield code="a">Coding :</subfield>
<subfield code="b">computer programming (beginners onwards)</subfield>
</datafield>
<datafield ind1=" " ind2="1" tag="264">
<subfield code="a">Somerset :</subfield>
<subfield code="b">Haynes Publishing ;</subfield>
<subfield code="a">Newbury Park, California :</subfield>
<subfield code="b">Haynes North America, Inc.,</subfield>
<subfield code="c">2017.</subfield>
</datafield>
<datafield ind1=" " ind2="4" tag="264">
<subfield code="c">©2017</subfield>
</datafield>
<datafield ind1=" " ind2=" " tag="300">
<subfield code="a">128 pages :</subfield>
<subfield code="b">color illustrations ;</subfield>
<subfield code="c">28 cm</subfield>
</datafield>
<datafield ind1=" " ind2=" " tag="336">
<subfield code="a">text</subfield>
<subfield code="b">txt</subfield>
<subfield code="2">rdacontent</subfield>
</datafield>
<datafield ind1=" " ind2=" " tag="337">
<subfield code="a">unmediated</subfield>
<subfield code="b">n</subfield>
<subfield code="2">rdamedia</subfield>
</datafield>
<datafield ind1=" " ind2=" " tag="338">
<subfield code="a">volume</subfield>
<subfield code="b">nc</subfield>
<subfield code="2">rdacarrier</subfield>
</datafield>
<datafield ind1=" " ind2=" " tag="500">
<subfield code="a">"Haynes"--Cover.</subfield>
</datafield>
<datafield ind1=" " ind2=" " tag="500">
<subfield code="a">Includes index.</subfield>
</datafield>
<datafield ind1=" " ind2=" " tag="520">
<subfield code="a">Simple explanations and step-by-step guides ease users through the features of the Python programming language, providing them with everything they need to write code in the real world. --</subfield>
<subfield code="c">Publisher's description.</subfield>
</datafield>
<datafield ind1="0" ind2=" " tag="505">
<subfield code="a">Setting up -- Python basics -- Changing the flow -- Save time with functions -- Dealing with data -- Saving your results -- Do more with modules -- A class of its own -- Sample programs -- Appendices.</subfield>
</datafield>
<datafield ind1=" " ind2="0" tag="650">
<subfield code="a">Computer programming.</subfield>
</datafield>
<datafield ind1=" " ind2="0" tag="650">
<subfield code="a">Python (Computer program language)</subfield>
</datafield>
<datafield ind1=" " ind2="7" tag="650">
<subfield code="a">COMPUTERS / Programming Languages / Python</subfield>
<subfield code="2">bisacsh</subfield>
</datafield>
<datafield ind1=" " ind2="7" tag="650">
<subfield code="a">COMPUTERS / Programming / General</subfield>
<subfield code="2">bisacsh</subfield>
</datafield>
<datafield ind1=" " ind2="7" tag="650">
<subfield code="a">COMPUTERS / Programming / Object Oriented</subfield>
<subfield code="2">bisacsh</subfield>
</datafield>
<datafield ind1=" " ind2="7" tag="650">
<subfield code="a">Computer programming.</subfield>
<subfield code="2">fast</subfield>
<subfield code="0">(OCoLC)fst00872390</subfield>
</datafield>
<datafield ind1=" " ind2="7" tag="650">
<subfield code="a">Python (Computer program language)</subfield>
<subfield code="2">fast</subfield>
<subfield code="0">(OCoLC)fst01084736</subfield>
</datafield>
<datafield ind1=" " ind2="7" tag="655">
<subfield code="a">Handbooks and manuals.</subfield>
<subfield code="2">fast</subfield>
<subfield code="0">(OCoLC)fst01423877</subfield>
</datafield>
<datafield ind1=" " ind2="7" tag="655">
<subfield code="a">Handbooks and manuals.</subfield>
<subfield code="2">lcgft</subfield>
</datafield>
<datafield ind1=" " ind2=" " tag="955">
<subfield code="a">pc27 2016-11-09</subfield>
<subfield code="a">rl00 2017-11-09 to SMA</subfield>
</datafield>
</record>